<?xml version="1.0" encoding="UTF-8" standalone="yes"?><response xmlns="info:ESSv0"><hits>9400</hits><records><netpunkt_dm2 xmlns="http://oss.dbc.dk/ns/openformat" xmlns:marcx="info:lc/xmlns/marcxchange-v1" xmlns:of="http://oss.dbc.dk/ns/openformat"><of:manifestation><of:admindata><of:pid>OLUCWorldCat:ocm31815396</of:pid><of:creationDate>1970-01-01</of:creationDate></of:admindata><of:dm2><of:value><marcx:collection><marcx:record format="danMARC2" type="Bibliographic"><marcx:leader>00000came 22000000  4500</marcx:leader><marcx:datafield ind1="0" ind2="0" tag="001"><marcx:subfield code="a">ocm31815396</marcx:subfield><marcx:subfield code="b">WorldCat</marcx:subfield><marcx:subfield code="c">20221107023541</marcx:subfield><marcx:subfield code="d">19941223</marcx:subfield><marcx:subfield code="f">a</marcx:subfield></marcx:datafield><marcx:datafield ind1="0" ind2="0" tag="004"><marcx:subfield code="r">c</marcx:subfield><marcx:subfield code="a">e</marcx:subfield></marcx:datafield><marcx:datafield ind1="0" ind2="0" tag="008"><marcx:subfield code="t">m</marcx:subfield><marcx:subfield code="a">1995</marcx:subfield><marcx:subfield code="b">us</marcx:subfield><marcx:subfield code="d">x</marcx:subfield><marcx:subfield code="l">eng</marcx:subfield><marcx:subfield code="v">0</marcx:subfield><marcx:subfield code="x">j</marcx:subfield></marcx:datafield><marcx:datafield ind1="0" ind2="0" tag="009"><marcx:subfield code="a">a</marcx:subfield><marcx:subfield code="g">xx</marcx:subfield></marcx:datafield><marcx:datafield ind1="0" ind2="0" tag="021"><marcx:subfield code="a">1564025322</marcx:subfield></marcx:datafield><marcx:datafield ind1="0" ind2="0" tag="021"><marcx:subfield code="e">9781564025326</marcx:subfield></marcx:datafield><marcx:datafield ind1="0" ind2="0" tag="021"><marcx:subfield code="e">9780613182560</marcx:subfield></marcx:datafield><marcx:datafield ind1="0" ind2="0" tag="021"><marcx:subfield code="a">0613182561</marcx:subfield></marcx:datafield><marcx:datafield ind1="0" ind2="0" tag="023"><marcx:subfield code="b">9781564025326</marcx:subfield></marcx:datafield><marcx:datafield ind1="0" ind2="0" tag="035"><marcx:subfield code="a">(OCoLC)31815396</marcx:subfield><marcx:subfield code="x">(OCoLC)965562942</marcx:subfield><marcx:subfield code="x">(OCoLC)966882934</marcx:subfield><marcx:subfield code="x">(OCoLC)971918005</marcx:subfield><marcx:subfield code="x">(OCoLC)973576933</marcx:subfield><marcx:subfield code="x">(OCoLC)1005456949</marcx:subfield><marcx:subfield code="x">(OCoLC)1011960075</marcx:subfield><marcx:subfield code="x">(OCoLC)1016138032</marcx:subfield><marcx:subfield code="x">(OCoLC)1020451949</marcx:subfield><marcx:subfield code="x">(OCoLC)1035399417</marcx:subfield></marcx:datafield><marcx:datafield ind1="0" ind2="0" tag="036"><marcx:subfield code="a">94048929</marcx:subfield></marcx:datafield><marcx:datafield ind1="0" ind2="0" tag="050"><marcx:subfield code="a">PZ7.H4375</marcx:subfield><marcx:subfield code="b">In 1995</marcx:subfield></marcx:datafield><marcx:datafield ind1="0" ind2="0" tag="082"><marcx:subfield code="a">[E]</marcx:subfield><marcx:subfield code="c">20</marcx:subfield></marcx:datafield><marcx:datafield ind1="0" ind2="0" tag="245"><marcx:subfield code="a">In the rain with Baby Duck</marcx:subfield><marcx:subfield code="e">Amy Hest</marcx:subfield><marcx:subfield code="e">illustrated by Jill Barton</marcx:subfield></marcx:datafield><marcx:datafield ind1="0" ind2="0" tag="250"><marcx:subfield code="a">First edition</marcx:subfield></marcx:datafield><marcx:datafield ind1="0" ind2="0" tag="260"><marcx:subfield code="a">Cambridge, Massachusetts</marcx:subfield><marcx:subfield code="b">Candlewick Press</marcx:subfield><marcx:subfield code="c">1995</marcx:subfield></marcx:datafield><marcx:datafield ind1="0" ind2="0" tag="264"><marcx:subfield code="a">Cambridge, Massachusetts</marcx:subfield><marcx:subfield code="b">Candlewick Press</marcx:subfield><marcx:subfield code="c">1995</marcx:subfield><marcx:subfield code="f">1</marcx:subfield></marcx:datafield><marcx:datafield ind1="0" ind2="0" tag="300"><marcx:subfield code="a">1 volume (unpaged)</marcx:subfield><marcx:subfield code="b">color illustrations</marcx:subfield><marcx:subfield code="c">31 cm</marcx:subfield></marcx:datafield><marcx:datafield ind1="0" ind2="0" tag="336"><marcx:subfield code="a">text</marcx:subfield><marcx:subfield code="b">txt</marcx:subfield><marcx:subfield code="2">rdacontent</marcx:subfield></marcx:datafield><marcx:datafield ind1="0" ind2="0" tag="337"><marcx:subfield code="a">unmediated</marcx:subfield><marcx:subfield code="b">n</marcx:subfield><marcx:subfield code="2">rdamedia</marcx:subfield></marcx:datafield><marcx:datafield ind1="0" ind2="0" tag="338"><marcx:subfield code="a">volume</marcx:subfield><marcx:subfield code="b">nc</marcx:subfield><marcx:subfield code="2">rdacarrier</marcx:subfield></marcx:datafield><marcx:datafield ind1="0" ind2="0" tag="504"><marcx:subfield code="a">Summary: Although her parents love walking in the rain, Baby Duck does not--until Grandpa shares a secret with her</marcx:subfield></marcx:datafield><marcx:datafield ind1="0" ind2="0" tag="512"><marcx:subfield code="a">Illustrated by Jill Barton</marcx:subfield></marcx:datafield><marcx:datafield ind1="0" ind2="0" tag="517"><marcx:subfield code="a">AD410. Lexile</marcx:subfield></marcx:datafield><marcx:datafield ind1="0" ind2="0" tag="526"><marcx:subfield code="i">Online version</marcx:subfield><marcx:subfield code="d">Hest, Amy</marcx:subfield><marcx:subfield code="t">In the rain with Baby Duck</marcx:subfield></marcx:datafield><marcx:datafield ind1="0" ind2="0" tag="559"><marcx:subfield code="a">Awards: Boston Globe/Horn Book Picture Book Award Winner, 1996</marcx:subfield></marcx:datafield><marcx:datafield ind1="0" ind2="0" tag="559"><marcx:subfield code="a">Reading program: Accelerated Reader Grades K-4 1.8 0.5 SD Quiz 14980 English fiction, vocabulary quiz available, audio quiz available for beginning readers</marcx:subfield></marcx:datafield><marcx:datafield ind1="0" ind2="0" tag="559"><marcx:subfield code="a">Reading program: Accelerated Reader AR 1.8 0.5 14980</marcx:subfield></marcx:datafield><marcx:datafield ind1="0" ind2="0" tag="650"><marcx:subfield code="a">Rain and rainfall</marcx:subfield><marcx:subfield code="v">Juvenile fiction</marcx:subfield><marcx:subfield code="2">1</marcx:subfield></marcx:datafield><marcx:datafield ind1="0" ind2="0" tag="650"><marcx:subfield code="a">Ducks</marcx:subfield><marcx:subfield code="v">Juvenile fiction</marcx:subfield><marcx:subfield code="2">1</marcx:subfield></marcx:datafield><marcx:datafield ind1="0" ind2="0" tag="650"><marcx:subfield code="a">Grandfathers</marcx:subfield><marcx:subfield code="v">Juvenile fiction</marcx:subfield><marcx:subfield code="2">1</marcx:subfield></marcx:datafield><marcx:datafield ind1="0" ind2="0" tag="650"><marcx:subfield code="a">Rain and rainfall</marcx:subfield><marcx:subfield code="v">Fiction</marcx:subfield><marcx:subfield code="2">2</marcx:subfield></marcx:datafield><marcx:datafield ind1="0" ind2="0" tag="650"><marcx:subfield code="a">Ducks</marcx:subfield><marcx:subfield code="v">Fiction</marcx:subfield><marcx:subfield code="2">2</marcx:subfield></marcx:datafield><marcx:datafield ind1="0" ind2="0" tag="650"><marcx:subfield code="a">Grandfathers</marcx:subfield><marcx:subfield code="v">Fiction</marcx:subfield><marcx:subfield code="2">2</marcx:subfield></marcx:datafield><marcx:datafield ind1="0" ind2="0" tag="650"><marcx:subfield code="a">Pluie</marcx:subfield><marcx:subfield code="v">Romans, nouvelles, etc. pour la jeunesse</marcx:subfield><marcx:subfield code="2">4</marcx:subfield></marcx:datafield><marcx:datafield ind1="0" ind2="0" tag="650"><marcx:subfield code="a">Grands-pères</marcx:subfield><marcx:subfield code="v">Romans, nouvelles, etc. pour la jeunesse</marcx:subfield><marcx:subfield code="2">4</marcx:subfield></marcx:datafield><marcx:datafield ind1="0" ind2="0" tag="650"><marcx:subfield code="a">Ducks</marcx:subfield><marcx:subfield code="2">fast</marcx:subfield></marcx:datafield><marcx:datafield ind1="0" ind2="0" tag="650"><marcx:subfield code="a">Grandfathers</marcx:subfield><marcx:subfield code="2">fast</marcx:subfield></marcx:datafield><marcx:datafield ind1="0" ind2="0" tag="650"><marcx:subfield code="a">Rain and rainfall</marcx:subfield><marcx:subfield code="2">fast</marcx:subfield></marcx:datafield><marcx:datafield ind1="0" ind2="0" tag="650"><marcx:subfield code="a">Rain</marcx:subfield><marcx:subfield code="v">Fiction</marcx:subfield><marcx:subfield code="2">sears</marcx:subfield></marcx:datafield><marcx:datafield ind1="0" ind2="0" tag="650"><marcx:subfield code="a">Ducks</marcx:subfield><marcx:subfield code="v">Fiction</marcx:subfield><marcx:subfield code="2">sears</marcx:subfield></marcx:datafield><marcx:datafield ind1="0" ind2="0" tag="650"><marcx:subfield code="a">Grandfathers</marcx:subfield><marcx:subfield code="v">Fiction</marcx:subfield><marcx:subfield code="2">sears</marcx:subfield></marcx:datafield><marcx:datafield ind1="0" ind2="0" tag="650"><marcx:subfield code="a">Picture books</marcx:subfield><marcx:subfield code="2">fast</marcx:subfield></marcx:datafield><marcx:datafield ind1="0" ind2="0" tag="650"><marcx:subfield code="a">Picture books for children</marcx:subfield><marcx:subfield code="2">1</marcx:subfield></marcx:datafield><marcx:datafield ind1="0" ind2="0" tag="650"><marcx:subfield code="a">Picture books</marcx:subfield><marcx:subfield code="2">2</marcx:subfield></marcx:datafield><marcx:datafield ind1="0" ind2="0" tag="650"><marcx:subfield code="a">Fiction</marcx:subfield><marcx:subfield code="2">fast</marcx:subfield></marcx:datafield><marcx:datafield ind1="0" ind2="0" tag="650"><marcx:subfield code="a">Juvenile works</marcx:subfield><marcx:subfield code="2">fast</marcx:subfield></marcx:datafield><marcx:datafield ind1="0" ind2="0" tag="650"><marcx:subfield code="a">Fiction</marcx:subfield><marcx:subfield code="2">lcgft</marcx:subfield></marcx:datafield><marcx:datafield ind1="0" ind2="0" tag="650"><marcx:subfield code="a">Romans</marcx:subfield><marcx:subfield code="2">rvmgf</marcx:subfield></marcx:datafield><marcx:datafield ind1="0" ind2="0" tag="660"><marcx:subfield code="a">Fictional Work</marcx:subfield></marcx:datafield><marcx:datafield ind1="0" ind2="0" tag="700"><marcx:subfield code="a">Hest</marcx:subfield><marcx:subfield code="h">Amy</marcx:subfield><marcx:subfield code="b">author</marcx:subfield><marcx:subfield code="q">1</marcx:subfield></marcx:datafield><marcx:datafield ind1="0" ind2="0" tag="700"><marcx:subfield code="a">Barton</marcx:subfield><marcx:subfield code="h">Jill</marcx:subfield><marcx:subfield code="b">illustrator</marcx:subfield></marcx:datafield><marcx:datafield ind1="0" ind2="0" tag="856"><marcx:subfield code="3">Publisher description</marcx:subfield><marcx:subfield code="u">http://catdir.loc.gov/catdir/enhancements/fy0905/94048929-d.html</marcx:subfield></marcx:datafield><marcx:datafield ind1="0" ind2="0" tag="856"><marcx:subfield code="u">http://www.amyhest.com/</marcx:subfield></marcx:datafield><marcx:datafield ind1="0" ind2="0" tag="856"><marcx:subfield code="u">http://www.childrensbookillustration.com/view_artist.php?id=4</marcx:subfield></marcx:datafield></marcx:record>