</marcx:collection></of:value></of:dm2></of:manifestation></netpunkt_dm2><netpunkt_dm2 xmlns="http://oss.dbc.dk/ns/openformat" xmlns:marcx="info:lc/xmlns/marcxchange-v1" xmlns:of="http://oss.dbc.dk/ns/openformat"><of:manifestation><of:admindata><of:pid>OLUCWorldCat:ocn773667588</of:pid><of:creationDate>1970-01-01</of:creationDate></of:admindata><of:dm2><of:value><marcx:collection><marcx:record format="danMARC2" type="Bibliographic"><marcx:leader>00000came 22000007  4500</marcx:leader><marcx:datafield ind1="0" ind2="0" tag="001"><marcx:subfield code="a">ocn773667588</marcx:subfield><marcx:subfield code="b">WorldCat</marcx:subfield><marcx:subfield code="c">20221107023541</marcx:subfield><marcx:subfield code="d">20120619</marcx:subfield><marcx:subfield code="f">a</marcx:subfield></marcx:datafield><marcx:datafield ind1="0" ind2="0" tag="004"><marcx:subfield code="r">c</marcx:subfield><marcx:subfield code="a">e</marcx:subfield></marcx:datafield><marcx:datafield ind1="0" ind2="0" tag="008"><marcx:subfield code="t">m</marcx:subfield><marcx:subfield code="a">2012</marcx:subfield><marcx:subfield code="b">us</marcx:subfield><marcx:subfield code="d">x</marcx:subfield><marcx:subfield code="l">eng</marcx:subfield><marcx:subfield code="v">7</marcx:subfield><marcx:subfield code="x">j</marcx:subfield></marcx:datafield><marcx:datafield ind1="0" ind2="0" tag="009"><marcx:subfield code="a">a</marcx:subfield><marcx:subfield code="g">xx</marcx:subfield></marcx:datafield><marcx:datafield ind1="0" ind2="0" tag="021"><marcx:subfield code="e">9780763640552</marcx:subfield></marcx:datafield><marcx:datafield ind1="0" ind2="0" tag="021"><marcx:subfield code="a">0763640557</marcx:subfield></marcx:datafield><marcx:datafield ind1="0" ind2="0" tag="035"><marcx:subfield code="a">(OCoLC)773667588</marcx:subfield><marcx:subfield code="x">(OCoLC)816502993</marcx:subfield><marcx:subfield code="x">(OCoLC)868409327</marcx:subfield></marcx:datafield><marcx:datafield ind1="0" ind2="0" tag="036"><marcx:subfield code="a">2012942295</marcx:subfield></marcx:datafield><marcx:datafield ind1="0" ind2="0" tag="050"><marcx:subfield code="a">PZ7.H4375</marcx:subfield><marcx:subfield code="b">Ch 2012</marcx:subfield></marcx:datafield><marcx:datafield ind1="0" ind2="0" tag="060"><marcx:subfield code="a">Hes</marcx:subfield></marcx:datafield><marcx:datafield ind1="0" ind2="0" tag="082"><marcx:subfield code="a">[E]</marcx:subfield><marcx:subfield code="c">23</marcx:subfield></marcx:datafield><marcx:datafield ind1="0" ind2="0" tag="088"><marcx:subfield code="a">JUV002070</marcx:subfield><marcx:subfield code="a">JUV002190</marcx:subfield><marcx:subfield code="a">JUV039090</marcx:subfield></marcx:datafield><marcx:datafield ind1="0" ind2="0" tag="245"><marcx:subfield code="a">Charley's first night</marcx:subfield><marcx:subfield code="e">Amy Hest</marcx:subfield><marcx:subfield code="e">illustrated by Helen Oxenbury</marcx:subfield></marcx:datafield><marcx:datafield ind1="0" ind2="0" tag="250"><marcx:subfield code="a">1. ed.</marcx:subfield></marcx:datafield><marcx:datafield ind1="0" ind2="0" tag="260"><marcx:subfield code="a">Somerville, Massachusetts</marcx:subfield><marcx:subfield code="b">Candlewick Press</marcx:subfield><marcx:subfield code="c">2012</marcx:subfield></marcx:datafield><marcx:datafield ind1="0" ind2="0" tag="264"><marcx:subfield code="a">Somerville, Massachusetts</marcx:subfield><marcx:subfield code="b">Candlewick Press</marcx:subfield><marcx:subfield code="c">2012</marcx:subfield><marcx:subfield code="f">1</marcx:subfield></marcx:datafield><marcx:datafield ind1="0" ind2="0" tag="300"><marcx:subfield code="a">1 volume (unpaged)</marcx:subfield><marcx:subfield code="b">color illustrations</marcx:subfield><marcx:subfield code="c">26 cm</marcx:subfield></marcx:datafield><marcx:datafield ind1="0" ind2="0" tag="336"><marcx:subfield code="a">text</marcx:subfield><marcx:subfield code="b">txt</marcx:subfield><marcx:subfield code="2">rdacontent</marcx:subfield></marcx:datafield><marcx:datafield ind1="0" ind2="0" tag="337"><marcx:subfield code="a">unmediated</marcx:subfield><marcx:subfield code="b">n</marcx:subfield><marcx:subfield code="2">rdamedia</marcx:subfield></marcx:datafield><marcx:datafield ind1="0" ind2="0" tag="338"><marcx:subfield code="a">volume</marcx:subfield><marcx:subfield code="b">nc</marcx:subfield><marcx:subfield code="2">rdacarrier</marcx:subfield></marcx:datafield><marcx:datafield ind1="0" ind2="0" tag="504"><marcx:subfield code="a">Summary: A book about friendship, new beginnings and that indescribable measure of love that we call a dog</marcx:subfield></marcx:datafield><marcx:datafield ind1="0" ind2="0" tag="517"><marcx:subfield code="a">AD600L. lexile</marcx:subfield></marcx:datafield><marcx:datafield ind1="0" ind2="0" tag="517"><marcx:subfield code="a">Decoding: 4 (hard); Vocabulary: 3 (medium); Sentences: 5 (very hard); Patterns: 4 (hard). Lexile</marcx:subfield></marcx:datafield><marcx:datafield ind1="0" ind2="0" tag="559"><marcx:subfield code="a">Reading program: Accelerated Reader 3.3</marcx:subfield></marcx:datafield><marcx:datafield ind1="0" ind2="0" tag="559"><marcx:subfield code="a">Reading program: Reading Counts K-2 6.3 1</marcx:subfield></marcx:datafield><marcx:datafield ind1="0" ind2="0" tag="559"><marcx:subfield code="a">Reading program: Accelerated Reader AR LG 3.3 0.5 154432</marcx:subfield></marcx:datafield><marcx:datafield ind1="0" ind2="0" tag="559"><marcx:subfield code="a">Reading program: Reading Counts RC K-2 6.3 1 Quiz: 59119</marcx:subfield></marcx:datafield><marcx:datafield ind1="0" ind2="0" tag="650"><marcx:subfield code="a">Puppies</marcx:subfield><marcx:subfield code="v">Juvenile fiction</marcx:subfield><marcx:subfield code="2">1</marcx:subfield></marcx:datafield><marcx:datafield ind1="0" ind2="0" tag="650"><marcx:subfield code="a">Human-animal relationships</marcx:subfield><marcx:subfield code="v">Juvenile fiction</marcx:subfield><marcx:subfield code="2">1</marcx:subfield></marcx:datafield><marcx:datafield ind1="0" ind2="0" tag="650"><marcx:subfield code="a">Sleep</marcx:subfield><marcx:subfield code="v">Juvenile fiction</marcx:subfield><marcx:subfield code="2">1</marcx:subfield></marcx:datafield><marcx:datafield ind1="0" ind2="0" tag="650"><marcx:subfield code="a">Pet owners</marcx:subfield><marcx:subfield code="v">Juvenile fiction</marcx:subfield><marcx:subfield code="2">1</marcx:subfield></marcx:datafield><marcx:datafield ind1="0" ind2="0" tag="650"><marcx:subfield code="a">Pets</marcx:subfield><marcx:subfield code="v">Juvenile fiction</marcx:subfield><marcx:subfield code="2">1</marcx:subfield></marcx:datafield><marcx:datafield ind1="0" ind2="0" tag="650"><marcx:subfield code="a">Snow</marcx:subfield><marcx:subfield code="v">Juvenile fiction</marcx:subfield><marcx:subfield code="2">1</marcx:subfield></marcx:datafield><marcx:datafield ind1="0" ind2="0" tag="650"><marcx:subfield code="a">Picture books for children</marcx:subfield><marcx:subfield code="2">1</marcx:subfield></marcx:datafield><marcx:datafield ind1="0" ind2="0" tag="650"><marcx:subfield code="a">Dogs</marcx:subfield><marcx:subfield code="v">Fiction</marcx:subfield><marcx:subfield code="2">2</marcx:subfield></marcx:datafield><marcx:datafield ind1="0" ind2="0" tag="650"><marcx:subfield code="a">Human-animal relationships</marcx:subfield><marcx:subfield code="v">Fiction</marcx:subfield><marcx:subfield code="2">2</marcx:subfield></marcx:datafield><marcx:datafield ind1="0" ind2="0" tag="650"><marcx:subfield code="a">Sleep</marcx:subfield><marcx:subfield code="v">Fiction</marcx:subfield><marcx:subfield code="2">2</marcx:subfield></marcx:datafield><marcx:datafield ind1="0" ind2="0" tag="650"><marcx:subfield code="a">Pet owners</marcx:subfield><marcx:subfield code="v">Fiction</marcx:subfield><marcx:subfield code="2">2</marcx:subfield></marcx:datafield><marcx:datafield ind1="0" ind2="0" tag="650"><marcx:subfield code="a">Pets</marcx:subfield><marcx:subfield code="v">Fiction</marcx:subfield><marcx:subfield code="2">2</marcx:subfield></marcx:datafield><marcx:datafield ind1="0" ind2="0" tag="650"><marcx:subfield code="a">Snow</marcx:subfield><marcx:subfield code="v">Fiction</marcx:subfield><marcx:subfield code="2">2</marcx:subfield></marcx:datafield><marcx:datafield ind1="0" ind2="0" tag="650"><marcx:subfield code="a">Chiots</marcx:subfield><marcx:subfield code="v">Romans, nouvelles, etc. pour la jeunesse</marcx:subfield><marcx:subfield code="2">4</marcx:subfield></marcx:datafield><marcx:datafield ind1="0" ind2="0" tag="650"><marcx:subfield code="a">Relations homme-animal</marcx:subfield><marcx:subfield code="v">Romans, nouvelles, etc. pour la jeunesse</marcx:subfield><marcx:subfield code="2">4</marcx:subfield></marcx:datafield><marcx:datafield ind1="0" ind2="0" tag="650"><marcx:subfield code="a">Sommeil</marcx:subfield><marcx:subfield code="v">Romans, nouvelles, etc. pour la jeunesse</marcx:subfield><marcx:subfield code="2">4</marcx:subfield></marcx:datafield><marcx:datafield ind1="0" ind2="0" tag="650"><marcx:subfield code="a">Animaux familiers</marcx:subfield><marcx:subfield code="v">Romans, nouvelles, etc. pour la jeunesse</marcx:subfield><marcx:subfield code="2">4</marcx:subfield></marcx:datafield><marcx:datafield ind1="0" ind2="0" tag="650"><marcx:subfield code="a">Livres d'images pour enfants</marcx:subfield><marcx:subfield code="2">4</marcx:subfield></marcx:datafield><marcx:datafield ind1="0" ind2="0" tag="650"><marcx:subfield code="a">Human-animal relationships</marcx:subfield><marcx:subfield code="2">fast</marcx:subfield></marcx:datafield><marcx:datafield ind1="0" ind2="0" tag="650"><marcx:subfield code="a">Pet owners</marcx:subfield><marcx:subfield code="2">fast</marcx:subfield></marcx:datafield><marcx:datafield ind1="0" ind2="0" tag="650"><marcx:subfield code="a">Pets</marcx:subfield><marcx:subfield code="2">fast</marcx:subfield></marcx:datafield><marcx:datafield ind1="0" ind2="0" tag="650"><marcx:subfield code="a">Picture books for children</marcx:subfield><marcx:subfield code="2">fast</marcx:subfield></marcx:datafield><marcx:datafield ind1="0" ind2="0" tag="650"><marcx:subfield code="a">Puppies</marcx:subfield><marcx:subfield code="2">fast</marcx:subfield></marcx:datafield><marcx:datafield ind1="0" ind2="0" tag="650"><marcx:subfield code="a">Sleep</marcx:subfield><marcx:subfield code="2">fast</marcx:subfield></marcx:datafield><marcx:datafield ind1="0" ind2="0" tag="650"><marcx:subfield code="a">Snow</marcx:subfield><marcx:subfield code="2">fast</marcx:subfield></marcx:datafield><marcx:datafield ind1="0" ind2="0" tag="650"><marcx:subfield code="a">Dogs</marcx:subfield><marcx:subfield code="v">Fiction</marcx:subfield><marcx:subfield code="2">sears</marcx:subfield></marcx:datafield><marcx:datafield ind1="0" ind2="0" tag="650"><marcx:subfield code="a">Animal babies</marcx:subfield><marcx:subfield code="v">Fiction</marcx:subfield><marcx:subfield code="2">sears</marcx:subfield></marcx:datafield><marcx:datafield ind1="0" ind2="0" tag="650"><marcx:subfield code="a">Human-animal relationship</marcx:subfield><marcx:subfield code="v">Fiction</marcx:subfield><marcx:subfield code="2">sears</marcx:subfield></marcx:datafield><marcx:datafield ind1="0" ind2="0" tag="650"><marcx:subfield code="a">Picture books for children</marcx:subfield><marcx:subfield code="2">1</marcx:subfield></marcx:datafield><marcx:datafield ind1="0" ind2="0" tag="650"><marcx:subfield code="a">Picture books</marcx:subfield><marcx:subfield code="2">2</marcx:subfield></marcx:datafield><marcx:datafield ind1="0" ind2="0" tag="650"><marcx:subfield code="a">Picture books for children</marcx:subfield><marcx:subfield code="2">5</marcx:subfield></marcx:datafield><marcx:datafield ind1="0" ind2="0" tag="650"><marcx:subfield code="a">Fiction</marcx:subfield><marcx:subfield code="2">fast</marcx:subfield></marcx:datafield><marcx:datafield ind1="0" ind2="0" tag="650"><marcx:subfield code="a">Juvenile works</marcx:subfield><marcx:subfield code="2">fast</marcx:subfield></marcx:datafield><marcx:datafield ind1="0" ind2="0" tag="650"><marcx:subfield code="a">Picture books</marcx:subfield><marcx:subfield code="2">fast</marcx:subfield></marcx:datafield><marcx:datafield ind1="0" ind2="0" tag="650"><marcx:subfield code="a">Picture books for children</marcx:subfield><marcx:subfield code="2">lcgft</marcx:subfield></marcx:datafield><marcx:datafield ind1="0" ind2="0" tag="700"><marcx:subfield code="a">Hest</marcx:subfield><marcx:subfield code="h">Amy</marcx:subfield><marcx:subfield code="b">author</marcx:subfield><marcx:subfield code="q">1</marcx:subfield></marcx:datafield><marcx:datafield ind1="0" ind2="0" tag="700"><marcx:subfield code="a">Oxenbury</marcx:subfield><marcx:subfield code="h">Helen</marcx:subfield><marcx:subfield code="b">illustrator</marcx:subfield></marcx:datafield><marcx:datafield ind1="0" ind2="0" tag="856"><marcx:subfield code="3">Contributor biographical information</marcx:subfield><marcx:subfield code="u">http://catdir.loc.gov/catdir/enhancements/fy1403/2012942295-b.html</marcx:subfield></marcx:datafield><marcx:datafield ind1="0" ind2="0" tag="856"><marcx:subfield code="3">Publisher description</marcx:subfield><marcx:subfield code="u">http://catdir.loc.gov/catdir/enhancements/fy1403/2012942295-d.html</marcx:subfield></marcx:datafield><marcx:datafield ind1="0" ind2="0" tag="856"><marcx:subfield code="u">https://secure2.dpsk12.org/ERS/WebBridge.aspx?ISBN=9780763640552</marcx:subfield><marcx:subfield code="z">DPS Book Review</marcx:subfield></marcx:datafield></marcx:record></marcx:collection></of:value></of:dm2></of:manifestation></netpunkt_dm2></records><trackingId>d058acae-80fb-40ef-987c-33c6bf20c8e0</trackingId></response>
